<collection xmlns="http://www.loc.gov/MARC21/slim">
<record>
  <leader>00605na 0a22001451i 450 </leader>
  <controlfield tag="001">IT\ICCU\CNCE\064629</controlfield>
  <controlfield tag="005">20060529000000.0</controlfield>
  <datafield tag="100" ind1=" " ind2=" ">
    <subfield code="a">20060523             0itac0103    ba</subfield>
  </datafield>
  <datafield tag="101" ind1=" " ind2=" ">
    <subfield code="a">LAT</subfield>
  </datafield>
  <datafield tag="200" ind1="1" ind2=" ">
    <subfield code="a">Apologia aduersus Amathum Lusitanum, cum censura in eiusdem enarrationes</subfield>
  </datafield>
  <datafield tag="700" ind1=" " ind2="1">
    <subfield code="a">Mattioli,</subfield>
    <subfield code="b">Pietro Andrea</subfield>
    <subfield code="3">IT\ICCU\CNCA\004479</subfield>
  </datafield>
  <datafield tag="790" ind1=" " ind2="1">
    <subfield code="a">Mattioli,</subfield>
    <subfield code="b">Pierandrea</subfield>
    <subfield code="3">IT\ICCU\CNCA\019623</subfield>
    <subfield code="z">Mattioli, Pietro Andrea</subfield>
  </datafield>
  <datafield tag="790" ind1=" " ind2="1">
    <subfield code="a">Matthioli,</subfield>
    <subfield code="b">Pietro Andrea</subfield>
    <subfield code="3">IT\ICCU\CNCA\019624</subfield>
    <subfield code="z">Mattioli, Pietro Andrea</subfield>
  </datafield>
  <datafield tag="790" ind1=" " ind2="1">
    <subfield code="a">Mattiolo,</subfield>
    <subfield code="b">Pietro Andrea</subfield>
    <subfield code="3">IT\ICCU\CNCA\019845</subfield>
    <subfield code="z">Mattioli, Pietro Andrea</subfield>
  </datafield>
  <datafield tag="801" ind1=" " ind2="3">
    <subfield code="a">IT</subfield>
    <subfield code="b">ICCU</subfield>
    <subfield code="c">20201115</subfield>
  </datafield>
</record>
</collection>
